
    <record>
        <leader>00000nz  a2200169   4500</leader>
        <controlfield tag="001">30004554</controlfield>
        <controlfield tag="003">RISM</controlfield>
        <controlfield tag="005">20160216</controlfield>
        <controlfield tag="008">160216n||az|||||||##########||||||||||||</controlfield>
        <datafield tag="040" ind1=" " ind2=" ">
            <subfield code="a">BIH-KS</subfield>
        </datafield>
        <datafield tag="043" ind1=" " ind2=" ">
            <subfield code="c">XA-BA</subfield>
        </datafield>
        <datafield tag="110" ind1="2" ind2=" ">
            <subfield code="a">Franjevački samostan "Sv. Ivana Kristitelja"&#xD;
            </subfield>
            <subfield code="c">Kraljeva Sutjeska</subfield>
            <subfield code="g">BIH-KS</subfield>
        </datafield>
        <datafield tag="410" ind1="2" ind2=" ">
            <subfield code="a">Franciscan Monastery</subfield>
        </datafield>
        <datafield tag="622" ind1=" " ind2=" ">
            <subfield code="e">Franjevački samostan "Sv. Ivana, Kristitelja"&#xD;
                , 72244 Kraljeva Sutjeska, Bosnia and Herzegovina</subfield>
            <subfield code="u">http://www.kraljeva-sutjeska.com/portal/</subfield>
        </datafield>
    </record>