
    <record>
        <leader>00000nz  a2200169   4500</leader>
        <controlfield tag="001">30004555</controlfield>
        <controlfield tag="003">RISM</controlfield>
        <controlfield tag="005">20160216</controlfield>
        <controlfield tag="008">160216n||az|||||||##########||||||||||||</controlfield>
        <datafield tag="040" ind1=" " ind2=" ">
            <subfield code="a">BIH-KV</subfield>
        </datafield>
        <datafield tag="043" ind1=" " ind2=" ">
            <subfield code="c">XA-BA</subfield>
        </datafield>
        <datafield tag="110" ind1="2" ind2=" ">
            <subfield code="a">Franjevački samostan &lt;Kreševo&gt;</subfield>
            <subfield code="c">Kreševo</subfield>
            <subfield code="g">BIH-KV</subfield>
        </datafield>
        <datafield tag="410" ind1="2" ind2=" ">
            <subfield code="a">Franciscan Monastery</subfield>
        </datafield>
        <datafield tag="622" ind1=" " ind2=" ">
            <subfield code="e">Franjevački samostan, Prvomajska 154, BiH-71260 Kreševo</subfield>
            <subfield code="u">http://www.kresevo.net/samostan/samostan.htm</subfield>
        </datafield>
    </record>