
    <record>
        <leader>00000nz  a2200169   4500</leader>
        <controlfield tag="001">30004556</controlfield>
        <controlfield tag="003">RISM</controlfield>
        <controlfield tag="005">20160216</controlfield>
        <controlfield tag="008">160216n||az|||||||##########||||||||||||</controlfield>
        <datafield tag="040" ind1=" " ind2=" ">
            <subfield code="a">BIH-MOf</subfield>
        </datafield>
        <datafield tag="043" ind1=" " ind2=" ">
            <subfield code="c">XA-BA</subfield>
        </datafield>
        <datafield tag="110" ind1="2" ind2=" ">
            <subfield code="a">Franjevački provincijalat, knjižnica</subfield>
            <subfield code="c">Mostar</subfield>
            <subfield code="g">BIH-MOf</subfield>
        </datafield>
        <datafield tag="410" ind1="2" ind2=" ">
            <subfield code="a">Franciscan Province Office, Library</subfield>
        </datafield>
        <datafield tag="622" ind1=" " ind2=" ">
            <subfield code="e">Franjevački provincijalat, knjižnica, Matije Gupca 14, BiH-79000 Mostar</subfield>
        </datafield>
    </record>