
    <record>
        <leader>00000nz  a2200169   4500</leader>
        <controlfield tag="001">30004562</controlfield>
        <controlfield tag="003">RISM</controlfield>
        <controlfield tag="005">20160216</controlfield>
        <controlfield tag="008">160216n||az|||||||##########||||||||||||</controlfield>
        <datafield tag="040" ind1=" " ind2=" ">
            <subfield code="a">BIH-SAzm</subfield>
        </datafield>
        <datafield tag="043" ind1=" " ind2=" ">
            <subfield code="c">XA-BA</subfield>
        </datafield>
        <datafield tag="110" ind1="2" ind2=" ">
            <subfield code="a">Zemaljski muzej Bosne i Hercegovine, biblioteka &lt;Sarajevo&gt;</subfield>
            <subfield code="c">Sarajevo</subfield>
            <subfield code="g">BIH-SAzm</subfield>
        </datafield>
        <datafield tag="410" ind1="2" ind2=" ">
            <subfield code="a">The National Museum of Bosnis and Herzegovina</subfield>
        </datafield>
        <datafield tag="622" ind1=" " ind2=" ">
            <subfield code="e">Zemaljski muzej Bosne i Hercegovine,, biblioteka, Vojvode Putnika 7, BiH-71000 Sarajevo</subfield>
            <subfield code="u">http://www.zemaljskimuzej.ba</subfield>
        </datafield>
    </record>
</collection>


